


@book{RefWorks:22,
	author={Lars Valerian Ahlfors  1907-},
	year={1979},
	month={c1979},
	title={Complex analysis : an introduction to the theory of analytic functions of one complex variable / Lars V. Ahlfors},
	publisher={McGraw-Hill},
	address={New York ; Tokyo},
	edition={3rd ed},
	note={Includes index; 書誌ID=2000464072; NCID=BA01081431; ISBN=0070006571;},
	isbn={0070006571},
	language={eng},
	url={[OPAC]https://opac.dl.itc.u-tokyo.ac.jp/opac/opac_details.cgi?lang=0&bibid=2000464072&amode=11; [Webcat Plus]http://webcatplus-equal.nii.ac.jp/libportal/DocDetail?hdn_if_lang=jpn&txt_docid=NCID:BA01081431; [Webcat Plus]http://webcatplus-equal.nii.ac.jp/libportal/EqualFromForm?txt_isbn=0070006571}
}

@book{RefWorks:4,
	author={Lars Valerian Ahlfors  1907- and 乾吉(1935-) 笠原},
	year={1982},
	month={1982.3},
	title={複素解析 / L.V. アールフォルス著 ; 笠原乾吉訳},
	publisher={現代数学社},
	address={京都},
	note={原著第3版 (McGraw-Hill Book Company, 1979) の翻訳; 書誌ID=2000045300; NCID=BN00942222; ISBN=9784768701188;},
	isbn={9784768701188; 4768701183},
	language={jpn},
	url={[OPAC]https://opac.dl.itc.u-tokyo.ac.jp/opac/opac_details.cgi?lang=0&bibid=2000045300&amode=11; [Webcat Plus]http://webcatplus-equal.nii.ac.jp/libportal/DocDetail?hdn_if_lang=jpn&txt_docid=NCID:BN00942222; [Webcat Plus]http://webcatplus-equal.nii.ac.jp/libportal/EqualFromForm?txt_isbn=9784768701188}
}

@book{RefWorks:8,
	author={A. (Albrecht) Dold  1928-},
	year={1995},
	month={c1995},
	title={Lectures on algebraic topology / Albrecht Dold},
	publisher={Springer},
	address={Berlin},
	note={"Reprint of the 1980 edition."; Originally published: Berlin ; New York : Springer-Verlag, 1972. (Die Grundlehren der mathematischen Wissenschaften in Einzeldarstellungen mit besonderer Berücksichtigung der Anwendungsgebiete ; Bd. 200); Includes bibliographical references (p. [368]-370) and index; 書誌ID=2001957718; NCID=BA25132253; ISBN=3540586601;},
	isbn={3540586601},
	language={eng},
	url={[OPAC]https://opac.dl.itc.u-tokyo.ac.jp/opac/opac_details.cgi?lang=0&bibid=2001957718&amode=11; [Webcat Plus]http://webcatplus-equal.nii.ac.jp/libportal/DocDetail?hdn_if_lang=jpn&txt_docid=NCID:BA25132253; [Webcat Plus]http://webcatplus-equal.nii.ac.jp/libportal/EqualFromForm?txt_isbn=3540586601}
}

@book{RefWorks:14,
	author={Heinz-Dieter Ebbinghaus  1939- and John H. Ewing and H. Hermes and Friedrich Hirzebruch and M. Koecher and K. Mainzer and J. Neukirch and Alexander Prestel  1941- and Reinhold Remmert},
	year={1990},
	month={c1990},
	title={Numbers / H.-D. Ebbinghaus ... [et al.] ; with an introduction by K. Lamotke ; translated by H.L.S. Orde ; edited by J.H. Ewing},
	publisher={Springer-Verlag},
	address={New York ; Tokyo},
	note={Authors: H.-D. Ebbinghaus, H. Hermes, F. Hirzebruch, M. Koecher, K. Mainzer, J. Neukirch, A. Prestel, R. Remmert; Includes bibliographical references and indexes; 書誌ID=2000332824; NCID=BA10726367; ISBN=0387972021;},
	isbn={0387972021; 0387974970; 3540972021; 3540974970},
	language={eng},
	url={[OPAC]https://opac.dl.itc.u-tokyo.ac.jp/opac/opac_details.cgi?lang=0&bibid=2000332824&amode=11; [Webcat Plus]http://webcatplus-equal.nii.ac.jp/libportal/DocDetail?hdn_if_lang=jpn&txt_docid=NCID:BA10726367; [Webcat Plus]http://webcatplus-equal.nii.ac.jp/libportal/EqualFromForm?txt_isbn=0387972021}
}

@book{RefWorks:16,
	author={Heinz-Dieter Ebbinghaus  1939- and John H. Ewing and H. Hermes and Friedrich Hirzebruch and M. Koecher and K. Mainzer and J. Neukirch and Alexander Prestel  1941- and Reinhold Remmert},
	year={1990},
	month={c1990},
	title={Numbers / H.-D. Ebbinghaus ... [et al.] ; with an introduction by K. Lamotke ; translated by H.L.S. Orde ; edited by J.H. Ewing},
	publisher={Springer-Verlag},
	address={New York ; Tokyo},
	note={Authors: H.-D. Ebbinghaus, H. Hermes, F. Hirzebruch, M. Koecher, K. Mainzer, J. Neukirch, A. Prestel, R. Remmert; Includes bibliographical references and indexes; 書誌ID=2000332824; NCID=BA10726367; ISBN=0387972021;},
	isbn={0387972021; 0387974970; 3540972021; 3540974970},
	language={eng},
	url={[OPAC]https://opac.dl.itc.u-tokyo.ac.jp/opac/opac_details.cgi?lang=0&bibid=2000332824&amode=11; [Webcat Plus]http://webcatplus-equal.nii.ac.jp/libportal/DocDetail?hdn_if_lang=jpn&txt_docid=NCID:BA10726367; [Webcat Plus]http://webcatplus-equal.nii.ac.jp/libportal/EqualFromForm?txt_isbn=0387972021}
}

@book{RefWorks:13,
	author={Benjamin Fine  1948- and Gerhard Rosenberger},
	year={1997},
	month={c1997},
	title={The fundamental theorem of algebra / Benjamin Fine, Gerhard Rosenberger},
	publisher={Springer},
	address={New York},
	note={Includes bibliographical references and index; 書誌ID=2000620452; NCID=BA31619842; ISBN=9780387946573;},
	isbn={9780387946573; 0387946578},
	language={eng},
	url={[OPAC]https://opac.dl.itc.u-tokyo.ac.jp/opac/opac_details.cgi?lang=0&bibid=2000620452&amode=11; [Webcat Plus]http://webcatplus-equal.nii.ac.jp/libportal/DocDetail?hdn_if_lang=jpn&txt_docid=NCID:BA31619842; [Webcat Plus]http://webcatplus-equal.nii.ac.jp/libportal/EqualFromForm?txt_isbn=9780387946573}
}

@book{RefWorks:7,
	author={Qing Liu and Reinie Erné},
	year={2006},
	month={2006},
	title={Algebraic geometry and arithmetic curves / Qing Liu ; translated by Reinie Erné},
	publisher={Oxford University Press},
	address={Oxford},
	note={Translated from the French; First published 2002; Bibliography: p. [557]-561; Includes index; 書誌ID=2002628975; NCID=BA77903549; ISBN=0199202494;},
	isbn={0199202494; 9780199202492},
	language={eng},
	url={[OPAC]https://opac.dl.itc.u-tokyo.ac.jp/opac/opac_details.cgi?lang=0&bibid=2002628975&amode=11; [Webcat Plus]http://webcatplus-equal.nii.ac.jp/libportal/DocDetail?hdn_if_lang=jpn&txt_docid=NCID:BA77903549; [Webcat Plus]http://webcatplus-equal.nii.ac.jp/libportal/EqualFromForm?txt_isbn=0199202494}
}

@book{RefWorks:21,
	author={John Willard Milnor  1931-},
	year={1997},
	month={1997},
	title={Topology from the differentiable viewpoint / John W. Milnor ; based on notes by David W. Weaver},
	publisher={Princeton University Press},
	address={Princeton, N.J.},
	edition={Rev. ed},
	note={Originally published: Charlottesville : University Press of Virginia, 1965; Includes bibliographical references (p. [59]-61) and index; 書誌ID=2000749383; NCID=BA33958033; ISBN=0691048339;},
	isbn={0691048339},
	language={eng},
	url={[OPAC]https://opac.dl.itc.u-tokyo.ac.jp/opac/opac_details.cgi?lang=0&bibid=2000749383&amode=11; [Webcat Plus]http://webcatplus-equal.nii.ac.jp/libportal/DocDetail?hdn_if_lang=jpn&txt_docid=NCID:BA33958033; [Webcat Plus]http://webcatplus-equal.nii.ac.jp/libportal/EqualFromForm?txt_isbn=0691048339}
}

@book{RefWorks:12,
	author={宏 今野},
	year={2013},
	month={2013.10},
	title={微分幾何学 / 今野宏著},
	publisher={東京大学出版会},
	address={東京},
	note={欧文タイトルは標題紙裏による; 参考書: p269-271; 書誌ID=2003160733; NCID=BB13785508; ISBN=9784130629713;},
	isbn={9784130629713},
	language={jpn},
	url={[OPAC]https://opac.dl.itc.u-tokyo.ac.jp/opac/opac_details.cgi?lang=0&bibid=2003160733&amode=11; [Webcat Plus]http://webcatplus-equal.nii.ac.jp/libportal/DocDetail?hdn_if_lang=jpn&txt_docid=NCID:BB13785508; [Webcat Plus]http://webcatplus-equal.nii.ac.jp/libportal/EqualFromForm?txt_isbn=9784130629713}
}

@book{RefWorks:9,
	author={清(1915-) 伊藤},
	year={1991},
	month={1991.5},
	title={確率論 / 伊藤清著},
	publisher={岩波書店},
	address={東京},
	note={書誌ID=2000233295; NCID=BN06302562; ISBN=400007816X;},
	isbn={400007816X},
	language={jpn},
	url={[OPAC]https://opac.dl.itc.u-tokyo.ac.jp/opac/opac_details.cgi?lang=0&bibid=2000233295&amode=11; [Webcat Plus]http://webcatplus-equal.nii.ac.jp/libportal/DocDetail?hdn_if_lang=jpn&txt_docid=NCID:BN06302562; [Webcat Plus]http://webcatplus-equal.nii.ac.jp/libportal/EqualFromForm?txt_isbn=400007816X}
}

@book{RefWorks:6,
	author={清三(1927-) 伊藤},
	year={1963},
	month={1963.4},
	title={ルベーグ積分入門 / 伊藤清三著},
	publisher={裳華房},
	address={東京},
	note={あとがき(文献): p293-295; 索引: p296-301; 書誌ID=2000078365; NCID=BN00198333; ISBN=4785313048;},
	isbn={4785313048},
	language={jpn},
	url={[OPAC]https://opac.dl.itc.u-tokyo.ac.jp/opac/opac_details.cgi?lang=0&bibid=2000078365&amode=11; [Webcat Plus]http://webcatplus-equal.nii.ac.jp/libportal/DocDetail?hdn_if_lang=jpn&txt_docid=NCID:BN00198333; [Webcat Plus]http://webcatplus-equal.nii.ac.jp/libportal/EqualFromForm?txt_isbn=4785313048}
}

@book{RefWorks:2,
	author={俊 坪井},
	year={2005},
	month={2005.4},
	title={多様体入門 / 坪井俊著},
	publisher={東京大学出版会},
	address={東京},
	note={欧文タイトルは標題紙裏による; 参考文献: p193-195; 書誌ID=2001951023; NCID=BA71796173; ISBN=4130629549;},
	isbn={4130629549},
	language={jpn},
	url={[OPAC]https://opac.dl.itc.u-tokyo.ac.jp/opac/opac_details.cgi?lang=0&bibid=2001951023&amode=11; [Webcat Plus]http://webcatplus-equal.nii.ac.jp/libportal/DocDetail?hdn_if_lang=jpn&txt_docid=NCID:BA71796173; [Webcat Plus]http://webcatplus-equal.nii.ac.jp/libportal/EqualFromForm?txt_isbn=4130629549}
}

@book{RefWorks:15,
	author={昭七(1932-) 小林},
	year={1977},
	month={1977.8},
	title={曲線と曲面の微分幾何 / 小林昭七著},
	publisher={裳華房},
	address={東京},
	note={書誌ID=2000023949; NCID=BN00689357; ISBN=4785311193;},
	isbn={4785311193},
	language={jpn},
	url={[OPAC]https://opac.dl.itc.u-tokyo.ac.jp/opac/opac_details.cgi?lang=0&bibid=2000023949&amode=11; [Webcat Plus]http://webcatplus-equal.nii.ac.jp/libportal/DocDetail?hdn_if_lang=jpn&txt_docid=NCID:BN00689357; [Webcat Plus]http://webcatplus-equal.nii.ac.jp/libportal/EqualFromForm?txt_isbn=4785311193}
}

@book{RefWorks:11,
	author={恒人 山内},
	year={2014},
	month={2014.12},
	title={生命保険数学の基礎 : アクチュアリー数学入門 = Foundations of life insurance mathematics : an introduction to actuarial mathematics / 山内恒人著},
	publisher={東京大学出版会},
	address={東京},
	edition={第2版},
	note={付録: p461-482; 参考文献: p483-485; 書誌ID=2003230672; NCID=BB1749119X; ISBN=9784130629195;},
	isbn={9784130629195},
	language={jpn},
	url={[OPAC]https://opac.dl.itc.u-tokyo.ac.jp/opac/opac_details.cgi?lang=0&bibid=2003230672&amode=11; [Webcat Plus]http://webcatplus-equal.nii.ac.jp/libportal/DocDetail?hdn_if_lang=jpn&txt_docid=NCID:BB1749119X; [Webcat Plus]http://webcatplus-equal.nii.ac.jp/libportal/EqualFromForm?txt_isbn=9784130629195}
}

@book{sugi,
	author={杉浦光夫(1928-)},
	year={1980},
	month={1980.3-1985.4},
	title={解析入門 / 杉浦光夫著},
	publisher={東京大学出版会},
	address={東京},
	isbn={9784130620055; 4130620053; 9784130620062; 4130620061},
	language={jpn},
}

@book{RefWorks:20,
	author={光夫(1928-) 杉浦},
	year={1980},
	month={1980.3-1985.4},
	title={解析入門 / 杉浦光夫著},
	publisher={東京大学出版会},
	address={東京},
	note={付: 参考書; 追記あり(1997年3月); 書誌ID=2000077887; NCID=BN00027545; ISBN=9784130620055;},
	isbn={9784130620055; 4130620053; 9784130620062; 4130620061},
	language={jpn},
	url={[OPAC]https://opac.dl.itc.u-tokyo.ac.jp/opac/opac_details.cgi?lang=0&bibid=2000077887&amode=11; [Webcat Plus]http://webcatplus-equal.nii.ac.jp/libportal/DocDetail?hdn_if_lang=jpn&txt_docid=NCID:BN00027545; [Webcat Plus]http://webcatplus-equal.nii.ac.jp/libportal/EqualFromForm?txt_isbn=9784130620055}
}

@book{RefWorks:17,
	author={幹也 枡田},
	year={2002},
	month={2002.2},
	title={代数的トポロジー / 枡田幹也著},
	publisher={朝倉書店},
	address={東京},
	note={発行日: 第2刷(2004.5刊)"2002年3月10日初版第1刷"と記載; 参考文献: p[239]-240; ISBN13桁は2008年11月第3刷による; 書誌ID=2001515891; NCID=BA56259124; ISBN=9784254115956;},
	isbn={9784254115956; 4254115954},
	language={jpn},
	url={[OPAC]https://opac.dl.itc.u-tokyo.ac.jp/opac/opac_details.cgi?lang=0&bibid=2001515891&amode=11; [Webcat Plus]http://webcatplus-equal.nii.ac.jp/libportal/DocDetail?hdn_if_lang=jpn&txt_docid=NCID:BA56259124; [Webcat Plus]http://webcatplus-equal.nii.ac.jp/libportal/EqualFromForm?txt_isbn=9784254115956}
}

@book{RefWorks:10,
	author={敬義(1916-) 河田},
	year={1990},
	month={1990.11},
	title={ホモロジー代数 / 河田敬義著},
	publisher={岩波書店},
	address={東京},
	note={参考書: p299; 書誌ID=2000178885; NCID=BN05479668; ISBN=4000078046;},
	isbn={4000078046},
	language={jpn},
	url={[OPAC]https://opac.dl.itc.u-tokyo.ac.jp/opac/opac_details.cgi?lang=0&bibid=2000178885&amode=11; [Webcat Plus]http://webcatplus-equal.nii.ac.jp/libportal/DocDetail?hdn_if_lang=jpn&txt_docid=NCID:BN05479668; [Webcat Plus]http://webcatplus-equal.nii.ac.jp/libportal/EqualFromForm?txt_isbn=4000078046}
}

@book{RefWorks:18,
	author={源二郎 藤崎},
	year={1991},
	month={1991.4},
	title={体とガロア理論 / 藤崎源二郎著},
	publisher={岩波書店},
	address={東京},
	note={書誌ID=2000230898; NCID=BN06095876; ISBN=4000078135;},
	isbn={4000078135},
	language={jpn},
	url={[OPAC]https://opac.dl.itc.u-tokyo.ac.jp/opac/opac_details.cgi?lang=0&bibid=2000230898&amode=11; [Webcat Plus]http://webcatplus-equal.nii.ac.jp/libportal/DocDetail?hdn_if_lang=jpn&txt_docid=NCID:BN06095876; [Webcat Plus]http://webcatplus-equal.nii.ac.jp/libportal/EqualFromForm?txt_isbn=4000078135}
}

@book{RefWorks:3,
	author={武(1935-) 近藤},
	year={1991},
	month={1991.1},
	title={群論 / 近藤武著},
	publisher={岩波書店},
	address={東京},
	note={書誌ID=2000179948; NCID=BN05727624; ISBN=4000078070;},
	isbn={4000078070},
	language={jpn},
	url={[OPAC]https://opac.dl.itc.u-tokyo.ac.jp/opac/opac_details.cgi?lang=0&bibid=2000179948&amode=11; [Webcat Plus]http://webcatplus-equal.nii.ac.jp/libportal/DocDetail?hdn_if_lang=jpn&txt_docid=NCID:BN05727624; [Webcat Plus]http://webcatplus-equal.nii.ac.jp/libportal/EqualFromForm?txt_isbn=4000078070}
}

@book{RefWorks:1,
	author={宣一 齊藤},
	year={2012},
	month={2012.10},
	title={数値解析入門 / 齊藤宣一著},
	publisher={東京大学出版会},
	address={東京},
	note={欧文タイトルは標題紙裏による; 参考書: p284-285; 記号一覧: p286; 書誌ID=2003088712; NCID=BB10540209; ISBN=9784130629591;},
	isbn={9784130629591},
	language={jpn},
	url={[OPAC]https://opac.dl.itc.u-tokyo.ac.jp/opac/opac_details.cgi?lang=0&bibid=2003088712&amode=11; [Webcat Plus]http://webcatplus-equal.nii.ac.jp/libportal/DocDetail?hdn_if_lang=jpn&txt_docid=NCID:BB10540209; [Webcat Plus]http://webcatplus-equal.nii.ac.jp/libportal/EqualFromForm?txt_isbn=9784130629591}
}
